@article{ait2001a,
  author  = {M. Ait Rami and X. Chen and J. B. Moore and X. Y. Zhou},
  title   = {Solvability and asymptotic behavior of generalized Riccati equations arising in indefinite stochastic LQ controls},
  journal = {IEEE Transactions on Automatic Control},
  year    = {2001},
  volume  = {46},
  pages   = {428-440}
}
